@book{rakendusstatisika-algkursus,
    author =    {Ene-Margit Tiit and Märt Möls},
    title =     {Rakendusstatistika algkursus},
    publisher = {Tartu Ülikooli Kirjastus},
    year =      {1997},
    address =   {Tartu}
}

@book{tõenäosusteooria-algkursus,
    author =    {Kalev Pärna},
    title =     {Tõenäosusteooria algkursus},
    publisher = {Tartu Ülikooli Kirjastus},
    year =      {2013},
    address =   {Tartu}
}

@article{höffdingi-võrratus,
    author =    {Wassily Hoeffding},
    title =     {Probability inequalities for sums of bounded random variables},
    journal =   {Journal of the American Statistical Association},
    year =      {1963},
    volume =    {58},
    pages =     {13-30}
}

@book{tõenäosusteooria-2-loengukonspekt,
    author =    {Jüri Lember},
    title =     {Tõenäosusteooria 2 loengukonspekt},
    year =      {2022}
}
